<?xml version="1.0" encoding="UTF-8"?><record xmlns="http://www.loc.gov/MARC21/slim" xmlns:cinclude="http://apache.org/cocoon/include/1.0" xmlns:zs="http://www.loc.gov/zing/srw/">
  <leader>00611nz  a2200157n  4500</leader>
  <controlfield tag="001">no 95039647 </controlfield>
  <controlfield tag="003">DLC</controlfield>
  <controlfield tag="005">19950818054052.0</controlfield>
  <controlfield tag="008">950817n| acannaab|          |n aaa     c</controlfield>
  <datafield tag="010" ind1=" " ind2=" ">
    <subfield code="a">no 95039647 </subfield>
  </datafield>
  <datafield tag="035" ind1=" " ind2=" ">
    <subfield code="a">(OCoLC)oca03900232 </subfield>
  </datafield>
  <datafield tag="040" ind1=" " ind2=" ">
    <subfield code="a">CLU</subfield>
    <subfield code="c">CLU</subfield>
  </datafield>
  <datafield tag="100" ind1="1" ind2="0">
    <subfield code="a">Olson, Michael P.,</subfield>
    <subfield code="d">1960-</subfield>
  </datafield>
  <datafield tag="670" ind1=" " ind2=" ">
    <subfield code="a">A history of Germanic collections at the UCLA library, 1991:</subfield>
    <subfield code="b">p. 6 (Michael P. Olson)</subfield>
  </datafield>
  <datafield tag="670" ind1=" " ind2=" ">
    <subfield code="a">Money and love in the novels of Heinrich BoĚll, 1989:</subfield>
    <subfield code="b">t.p. (Michael P. Olson, Ph. D., Germanic Languages, Univ. of California, Los Angeles, 1989)</subfield>
  </datafield>
  <datafield tag="670" ind1=" " ind2=" ">
    <subfield code="a">OCLC, 8/8/95</subfield>
    <subfield code="b">(hdg.: Olson, Michael P., 1960- )</subfield>
  </datafield>
</record>